@Manual{2040docs:rpi,
title={RP2040 Datasheet},
year={2025},
organization={Raspberry Pi Ltd},
note={version 3184e62-clean},
url={https://datasheets.raspberrypi.com/rp2040/rp2040-datasheet.pdf}
}


@Manual{picodocs:rpi,
title={Raspberry Pi Pico Datasheet},
year={2025},
organization={Raspberry Pi Ltd},
note={version eec2b0c-clean},
url={https://datasheets.raspberrypi.com/pico/pico-datasheet.pdf}
}


@misc{electronics:hackaday,
	author = {Extreme Electronics},
	month = {4},
	title = {{Parallel computing on the PicoCray RP2040 cluster}},
	year = {2023},
	url = {https://hackaday.com/2023/04/09/parallel-computing-on-the-picocray-rp2040-cluster},
}

@misc{bitluni:hackaday,
	author = {Bitluni},
	month = {4},
	title = {{A RISC-V supercluster for very low cost}},
	year = {2023},
	url = {https://hackaday.com/2023/04/19/risc-v-supercluster-for-very-low-cost/},
}

@misc{verbeek:zapp,
	month = {12},
    author = {Henk Verbeek},
	title = {{DIY parallel computing DIY Electronic project}},
	year = {2016},
	url = {https://www.zapptronics.com/diy-parallel-computing/},
}

@article{sanchez:JPCS,
	author = {Sánchez-Cabadas, D L and Yáñez-Casas, G A and Hernández-Gómez, J J and Couder-Castañeda, C},
	journal = {Journal of Physics Conference Series},
	number = {1},
	pages = {012005},
	title = {{A cluster based on 8 bit, flash based architecture microcontrollers}},
	volume = {2475},
	doi = {10.1088/1742-6596/2475/1/012005},
	url = {https://doi.org/10.1088/1742-6596/2475/1/012005},
}

@misc{i2c_slave,
author = {Valentin Milea},
title = {I2C slave library for the Raspberry Pi Pico},
year = {2021},
publisher = {Github},
journal = {GitHub repository},
howpublished = {\url{https://github.com/vmilea/pico_i2c_slave}},
}

@misc{pico2:linux,
author = {Jesse Taube and Carsten Thiele},
title = {I2C slave library for the Raspberry Pi Pico},
year = {2021},
publisher = {Github},
journal = {GitHub repository},
howpublished = {\url{https://github.com/vmilea/pico_i2c_slave}},
}

@MISC{petitet+:url17,
  TITLE = {{HPL} --- A Portable Implementation of the High-Performance
	Linpack Benchmark for Distributed-Memory Computers},
  AUTHOR = {A. Petitet and R.C. Whaley and J. Dongarra and A. Cleary
                and P. Luszczek},
  HOWPUBLISHED = {Innovative Computing Laboratory, 
        Computer Science Department, University of Tennessee, v2.2,
        \url{http://www.netlib.org/benchmark/hpl/}},
  MONTH = dec,
  YEAR = 2017,
}